@article{breastcancer,
  title={Molecular analysis of TCGA breast cancer histologic types},
  author={Thennavan, Aatish and Beca, Francisco and Xia, Youli and Garcia-Recio, Susana and Allison, Kimberly and Collins, Laura C and Gary, M Tse and Chen, Yunn-Yi and Schnitt, Stuart J and Hoadley, Katherine A and others},
  journal={Cell Genomics},
  volume={1},
  number={3},
  pages={100067},
  year={2021},
  publisher={Elsevier}
}